@online{TIOBE,
  author = {TIOBE},
  title = {TIOBE Index for February 2020},
  year = 2020,
  url = {https://www.tiobe.com/tiobe-index/},
  urldate = {2020-03-01}
}
